@inproceedings{njor2022primer,
  title        = {A Primer for tinyML Predictive Maintenance: Input and Model Optimisation},
  author       = {Njor, Emil and Madsen, Jan and Fafoutis, Xenofon},
  booktitle    = {Artificial Intelligence Applications and Innovations: 18th IFIP WG 12.5 International Conference, AIAI 2022, Hersonissos, Crete, Greece, June 17--20, 2022, Proceedings, Part II},
  pages        = {67--78},
  year         = {2022},
  organization = {Springer}
}
